<?xml version="1.0" encoding="UTF-8"?><collection xmlns="http://www.loc.gov/MARC21/slim"><record><leader>00318nam--2200121-i-4500</leader><controlfield tag="001">000045512</controlfield><controlfield tag="002">20161230</controlfield><controlfield tag="005">20161230201045</controlfield><controlfield tag="008">060222s1000------------r-----000-0-eng-d</controlfield><datafield ind1=" " ind2=" " tag="100"><subfield code="a">Tricker,B.J.K., Tricker,R.A.R</subfield></datafield><datafield ind1=" " ind2=" " tag="245"><subfield code="a">The science of movement</subfield></datafield><datafield ind1=" " ind2=" " tag="260"><subfield code="a">London, Mills &amp; Boon Ltd., 1968. Xiv + 284 P</subfield></datafield><datafield ind1=" " ind2=" " tag="852"><subfield code="a">39304</subfield></datafield></record></collection>